@inproceedings{clanek_konference1,
author = {YADAV, Preeti},
year = {2014},
month = {Květen},
pages = {1 - 2},
title = {Typography as a statement of Design},
booktitle = {Typography as a statement of Design}
}

@Book{Solomon,
author = {Martin SOLOMON},
title = {The Art of Typography},
publisher = {Art Direction Book Co.},
year = {1995},
address = {New York},
edition = {Revised edition},
month = {Prosinec},
isbn = {978-0881081190},
}

@article{creative_typography,
author = {AZIZOVIČ, Emruš and FETIC, Salahudin},
year = {2014},
month = {Červen},
pages = {},
title = {The Basis of Typography and classification of scriptures},
journal = {University journal of Information Technology and Economics}
}

@article{kids,
author = {WILKINS, Arnold and CLEAVE, Roanna and GRAYSON, Nicola and WILSON, Louise},
year = {2009},
month = {Červen},
pages = {402 - 412},
title = {Typography for children may be inappropriately designed},
volume = {32},
journal = {Journal of Research in Reading},
doi = {10.1111/j.1467-9817.2009.01402.x}
}

@Misc{fonty,
author = {Jiří TOMAN},
title = {Jak na písmo, aby se četlo samo?},
howpublished = {[online]},
url = {www.czechdesign.cz/temata-a-rubriky/jak-na-pismo-aby-se-cetlo-samo-dil-i},
note = {[viděno 8. 4. 2020]},

}

@InBook{unicode,
title = {The Complete Manual of Typography},
author = {James FELICI and Frank ROMANO},
chapter = {4 About Fonts},
publisher = {Adobe Press},
year = {2011},
edition = {Second edition},
month = {Červenec},
pages = {55},
isbn = {978-0-321-77326-5},
}

@PhdThesis{Donev,
author = {Aleksandar DONEV},
title = {Typography in Advertising},
school = {Tomas Bata University in Zlin. Faculty of Multimedia Communications},
year = {2015},
}

@MastersThesis{Guthrie,
author = {Kevin L. GUTHRIE},
title = {Emotional response to typography: The role of typographic variations in emotional response to advertising},
school = {University of Florida},
year = {2009},
type = {Diplomová práce},
}

@Misc{jednotky,
author = {Jakub LYSÁK},
title = {Základy typografie},
howpublished = {[online]},
url = {http://jls.webz.cz/mff/tex/referat.html},
note = {[viděno 8. 4. 2020]},
}

@Misc{historie,
author = {Wikipedia.org},
title = {Typografie: Dějiny typografie},
howpublished = {[online]},
url = {https://cs.wikipedia.org/wiki/Typografie},
note = {[viděno 8. 4. 2020]},
}